


@ARTICLE{KellyWYCMORWJK10,
	author	    = {Kelly, S. D. and Wu, W. M. and Yang, F. and Criddle,
	  C. S. and Marsh, T. L. and O'Loughlin, E. J. and Ravel, B. and
	  Watson, D. and Jardine, P. M. and Kemner, K. M.},
	title	    = {Uranium Transformations in Static Microcosms},
	journal     = {Environmental Science \& Technology},
	year	    = {2010},
	volume	    = {44},
	pages	    = {236-242}
}

@ARTICLE{RavelSSKB10,
	author	    = {Ravel, B. and Scorzato, C. and Siddons, D. P. and
	  Kelly, S. D. and Bare, S. R.},
	title	    = {Simultaneous XAFS measurements of multiple samples},
	journal     = {Journal Of Synchrotron Radiation},
	year	    = {2010},
	volume	    = {17},
	pages	    = {380-385}
}

@ARTICLE{WoicikRFN10,
	author	    = {Woicik, J. C. and Ravel, B. and Fischer, D. A. and
	  Newburgh, W. J.},
	title	    = "{Performance of a four-element Si drift detector for
	  X-ray absorption fine-structure spectroscopy: resolution, maximum
	  count rate, and dead-time correction with incorporation into the
	  \textsc{athena} data analysis software}",
	journal     = {Journal Of Synchrotron Radiation},
	year	    = {2010},
	volume	    = {17},
	pages	    = {409-413}
}

@ARTICLE{ReidSRWPMH10,
	author	    = {Reid, D. P. and Stennett, M. C. and Ravel, B. and
	  Woicik, J. C. and Peng, N. and Maddrell, E. R. and Hyatt, N. C.},
	title	    = {The structure of ion beam amorphised zirconolite
	  studied by grazing angle X-ray absorption spectroscopy},
	journal     = {Nuclear Instruments \& Methods In Physics Research
	  Section B-Beam Interactions With Materials And Atoms},
	year	    = {2010},
	volume	    = {268},
	pages	    = {1847-1852}
}

@ARTICLE{BareKRGKM10,
	author	    = {Bare, S. R. and Kelly, S. D. and Ravel, B. and
	  Greenlay, N. and King, L. and Mickelson, G. E.},
	title	    = "{Characterizing industrial catalysts using \textit{in situ} XAFS
	  under identical conditions}",
	journal     = {Physical Chemistry Chemical Physics},
	year	    = {2010},
	volume	    = {12},
	pages	    = {7702-7711}
}

@ARTICLE{KropfKCSLZRMKSBTKBS10,
	author	    = {Kropf, A. J. and Katsoudas, J. and Chattopadhyay, S.
	  and Shibata, T. and Lang, E. A. and Zyryanov, V. N. and Ravel, B.
	  and McIvor, K. and Kemner, K. M. and Scheckel, K. G. and Bare, S.
	  R. and Terry, J. and Kelly, S. D. and Bunker, B. A. and Segre, C.
	  U.},
	title	    = "{The new MRCAT (Sector 10) bending magnet beamline at
	  the Advanced Photon Source}",
	journal     = {SRI 2009: The 10th International Conference On
	  Synchrotron Radiation Instrumentation},
	year	    = {2010},
	volume	    = {1234},
	pages	    = {299-302}
}

@ARTICLE{PatridgeWJRTFSB10,
	author	    = {Patridge, C. J. and Wu, T. L. and Jaye, C. and Ravel,
	  B. and Takeuchi, E. S. and Fischer, D. A. and Sambandamurthy, G.
	  and Banerjee, S.},
	title	    = {Synthesis, Spectroscopic Characterization, and
	  Observation of Massive Metal-Insulator Transitions in Nanowires of
	  a Nonstoichiometric Vanadium Oxide Bronze},
	journal     = {Nano Letters},
	year	    = {2010},
	volume	    = {10},
	pages	    = {2448-2453}
}

@ARTICLE{SwindleMBMRP10,
	author	    = {Swindle, A. L. and Madden, A. S. and Beazley, M. J.
	  and Moon, J. W. and Ravel, B. and Phelps, T. J.},
	title	    = "{Fate of ferric-hydroxide associated U(VI) during
	  biological magnetite formation}",
	journal     = {Geochimica Et Cosmochimica Acta},
	year	    = {2010},
	volume	    = {74},
	pages	    = {A1015-A1015}
}

@ARTICLE{TysonWWRIZQZC10,
	author	    = {Tyson, T. .A. . and Wu, T. . and Woicik, J. .C. . and
	  Ravel, B. . and Ignatov, A. . and Zhang, C. .L. . and Qin, Z. . and
	  Zhou, T. . and Cheong, S. .-W. .},
	title	    = "{Temperature-dependent local structure of LaFeAsO$_{1-x}$F$_x$: probing the atomic correlations}",
	journal     = {Journal of Applied Physics},
	year	    = 2010,
	pages	    = {123715 (5 pp.)}
}

@ARTICLE{MaddenPRVPSB09,
	author	    = {Madden, A. S. and Palumbo, A. V. and Ravel, B. and
	  Vishnivetskaya, T. A. and Phelps, T. J. and Schadt, C. W. and
	  Brandt, C. C.},
	title	    = {Donor-dependent Extent of Uranium Reduction for
	  Bioremediation of Contaminated Sediment Microcosms},
	journal     = {Journal Of Environmental Quality},
	year	    = {2009},
	volume	    = {38},
	pages	    = {53-60}
}

@ARTICLE{LeeXRKF09,
	author	    = {Lee, J. C. and Xiang, J. G. and Ravel, B. and
	  Kortright, J. and Flanagan, K.},
	title	    = {Condensed matter astrophysics: a prescription for
	  determining the species-specific composition and quantity of
	  interstellar dust using x-rays},
	journal     = {Astrophysical Journal},
	year	    = {2009},
	volume	    = {702},
	pages	    = {970-979}
}

@ARTICLE{RavelSMWL09,
	author	    = {Ravel, B. and Slimmer, S. C. and Meng, X. and Wong, G.
	  C. L. and Lu, Y.},
	title	    = "{EXAFS studies of catalytic DNA sensors for mercury
	  contamination of water}",
	journal     = {Radiation Physics And Chemistry},
	year	    = {2009},
	volume	    = {78},
	pages	    = {S75-S79}
}

@ARTICLE{KellyBGABBCFJNPPPPRW09,
	author	    = {Kelly, S. .D. . and Bare, S. .R. . and Greenlay, N. .
	  and Azevedo, G. . and Balasubramanian, M. . and Barton, D. . and
	  Chattopadhyay, S. . and Fakra, S. . and Johannessen, B. . and
	  Newville, M. . and Pena, J. . and Pokrovski, G. .S. . and Proux, O.
	  . and Priolkar, K. . and Ravel, B. . and Webb, S. .M. .},
	title	    = {Comparison of EXAFS foil spectra from around the
	  world},
	journal     = {Journal of Physics: Conference Series},
	year	    = {2009},
	volume	    = {},
	pages	    = {012032 (4 pp.)}
}

@ARTICLE{WashingtonJPLJRCPDSLRW09,
	author	    = {Washington, J. .S. . and Joseph, E. . and Paesler, M.
	  .A. . and Lucovsky, G. . and Jordan-Sweet, J. .L. . and Raoux, S. .
	  and Chen, C. .F. . and Pyzyna, A. . and Dasaka, R. .K. . and
	  Schrott, A. . and Lam, C. . and Ravel, B. . and Woicik, J. .},
	title	    = "{The influence of nitrogen doping on the chemical and
	  local bonding environment of amorphous and crystalline Ge$_2$Sb$_2$Te$_5$}",
	journal     = {Symposium Proceedings. Materials and Physics for
	  Nonvolatile Memories},
	year	    = {2009},
	volume	    = {},
	pages	    = {163-8|ix+199}
}

@ARTICLE{PhillipsWKRK08,
	author	    = {Phillips, D. H. and Watson, D. B. and Kelly, S. D. and
	  Ravel, B. and Kemner, K. M.},
	title	    = {Deposition of uranium precipitates in dolomitic gravel
	  fill},
	journal     = {Environmental Science \& Technology},
	year	    = {2008},
	volume	    = {42},
	pages	    = {7104-7110}
}

@ARTICLE{BelaiFIRC08,
	author	    = {Belai, N. and Frisch, M. and Ilton, E. S. and Ravel,
	  B. and Cahill, C. L.},
	title	    = "{Pentavalent Uranium Oxide via Reduction of [UO2](2+)
	  Under Hydrothermal Reaction Conditions}",
	journal     = {Inorganic Chemistry},
	year	    = {2008},
	volume	    = {47},
	pages	    = {10135-10140}
}

@ARTICLE{DalyGMVZLLRLKF07,
	author	    = {Daly, M. J. and Gaidamakova, E. K. and Matrosova, V.
	  Y. and Vasilenko, A. and Zhai, M. and Leapman, R. D. and Lai, B.
	  and Ravel, B. and Li, S. M. W. and Kemner, K. M. and Fredrickson,
	  J. K.},
	title	    = {Protein oxidation implicated as the primary
	  determinant of bacterial radioresistance},
	journal     = {PLOS Biology},
	year	    = {2007},
	volume	    = {5},
	pages	    = {769-779}
}

@ARTICLE{ImpellitteriER07,
	author	    = {Impellitteri, C. A. and Evans, O. and Ravel, B.},
	title	    = "{Speciation of organotins in polyvinyl chloride pipe
	  via X-ray absorption spectroscopy and in leachates using GC-PFPD
	  after derivatisation}",
	journal     = {Journal Of Environmental Monitoring},
	year	    = {2007},
	volume	    = {9},
	pages	    = {358-365}
}

@ARTICLE{LengkeRFWGS07,
	author	    = {Lengke, M. F. and Ravel, B. and Fleet, M. E. and
	  Wanger, G. and Gordon, R. A. and Southam, G.},
	title	    = "{Precipitation of gold by the reaction of aqueous
	  gold(III) chloride with cyanobacteria at 25-80 degrees C - Studied
	  by X-ray absorption spectroscopy}",
	journal     = {Canadian Journal Of Chemistry-Revue Canadienne De
	  Chimie},
	year	    = 2007,
	volume	    = 85,
	pages	    = {651-659}
}

@ARTICLE{MakarovaOGMVZLCKLMPRDBSLRKWSGGFKD07,
	author	    = {Makarova, K. S. and Omelchenko, M. V. and Gaidamakova,
	  E. K. and Matrosova, V. Y. and Vasilenko, A. and Zhai, M. and
	  Lapidus, A. and Copeland, A. and Kim, E. and Land, M. and
	  Mavromatis, K. and Pitluck, S. and Richardson, P. M. and Detter, C.
	  and Brettin, T. and Saunders, E. and Lai, B. and Ravel, B. and
	  Kemner, K. M. and Wolf, Y. I. and Sorokin, A. and Gerasimova, A. V.
	  and Gelfand, M. S. and Fredrickson, J. K. and Koonin, E. V. and
	  Daly, M. J.},
	title	    = {Deinococcus geothermalis: The Pool of Extreme
	  Radiation Resistance Genes Shrinks},
	journal     = {PLOS One},
	year	    = {2007},
	volume	    = {2},
	pages	    = {}
}

@ARTICLE{LengkeRFWGS06,
	author	    = {Lengke, M. F. and Ravel, B. and Fleet, M. E. and
	  Wanger, G. and Gordon, R. A. and Southam, G.},
	title	    = "{Mechanisms of gold bioaccumulation by filamentous
	  cyanobacteria from gold(III) - Chloride complex}",
	journal     = {Environmental Science \& Technology},
	year	    = {2006},
	volume	    = {40},
	pages	    = {6304-6309}
}

@ARTICLE{RavelKWF06,
	author	    = {Ravel, B. and Kim, Y-I. and Woodward, P. M.
	  and Fang, C. M.},
	title	    = "{Role of local disorder in the dielectric response of
	  BaTaO$_2$N}",
	journal     = {Physical Review B (Condensed Matter and Materials
	  Physics)},
	year	    = {2006},
	volume	    = {73},
        number      = {18},
	pages	    = {184121}
}


@ARTICLE{LeeR05,
	author	    = {Lee, J. C. and Ravel, B.},
	title	    = "{Prospects for determining the grain composition of the
	  interstellar medium with Chandra and Astro E2}",
	journal     = {AIP Conference Proceedings},
	year	    = {2005},
	volume	    = {774},
	pages	    = {255-9}
}

@ARTICLE{LeeR05-2,
	author	    = {Lee, J. C. and Ravel, B.},
	title	    = {Determining the grain composition of the interstellar
	  medium with high-resolution X-ray spectroscopy},
	journal     = {Astrophysical Journal},
	year	    = {2005},
	volume	    = {622},
	pages	    = {970-976}
}

@ARTICLE{Ravel05,
	author	    = {Ravel, B.},
	title	    = {A practical introduction to multiple scattering theory},
	journal     = {Journal Of Alloys And Compounds},
	year	    = {2005},
	volume	    = {401},
	pages	    = {118-126}
}

@ARTICLE{RavelN05-2,
	author	    = {Ravel, B. and Newville, M. .},
	title	    = "{\textsc{athena} and \textsc{artemis}: interactive graphical data
	  analysis using \textsc{ifeffit}}",
	journal     = {Physica Scripta},
	year	    = {2005},
	volume	    = {},
	pages	    = {4 pp.}
}

@ARTICLE{RavelG05,
	author	    = {Ravel, B. and Gallagher, K.},
	title	    = "{Atomic structure and the magnetic properties of
	  Zr-doped Sm$_2$Co$_{17}$}",
	journal     = {Physica Scripta},
	year	    = {2005},
	volume	    = {T115},
	pages	    = {606-608}
}

@ARTICLE{DenesMMSRP03,
	author	    = {Denes, F. S. and Manolache, S. and Ma, Y. C. and
	  Shamamian, V. and Ravel, B. and Prokes, S.},
	title	    = {Dense medium plasma synthesis of carbon/iron-based
	  magnetic nanoparticle system},
	journal     = {Journal Of Applied Physics},
	year	    = {2003},
	volume	    = {94},
	pages	    = {3498-3508}
}

@ARTICLE{RenevierGABCHLPR03,
	author	    = {Renevier, H. and Grenier, S. and Arnaud, S. and Berar,
	  J. F. and Caillot, B. and Hodeau, J. L. and Letoublon, A. and
	  Proietti, M. G. and Ravel, B.},
	title	    = {Diffraction anomalous fine-structure spectroscopy at
	  beamline BM2 at the European Synchrotron Radiation Facility},
	journal     = {Journal Of Synchrotron Radiation},
	year	    = {2003},
	volume	    = {10},
	pages	    = {435-444}
}

@ARTICLE{CalvinCRHM02,
	author	    = {Calvin, S. and Carpenter, E. E. and Ravel, B. and
	  Harris, V. G. and Morrison, S. A.},
	title	    = {Multiedge refinement of extended x-ray-absorption fine
	  structure of manganese zinc ferrite nanoparticles},
	journal     = {Physical Review B},
	year	    = {2002},
	volume	    = {66},
	pages	    = {}
}

@ARTICLE{ElamRS02,
	author	    = {Elam, W. T. and Ravel, B. D. and Sieber, J. R.},
	title	    = {A new atomic database for X-ray spectroscopic
	  calculations},
	journal     = {Radiation Physics And Chemistry},
	year	    = {2002},
	volume	    = {63},
	pages	    = {121-128}
}

@ARTICLE{GambleRFC02,
	author	    = {Gamble, L. J. and Ravel, B. and Fischer, D. A. and
	  Castner, D. G.},
	title	    = "{Surface structure and orientation of PTFE films
	  determined by experimental and FEFF8-calculated NEXAFS spectra}",
	journal     = {Langmuir},
	year	    = {2002},
	volume	    = {18},
	pages	    = {2183-2189}
}

@ARTICLE{RaphaelRHWCDSBCH02,
	author	    = {Raphael, M. P. and Ravel, B. and Huang, Q. and
	  Willard, M. A. and Cheng, S. F. and Das, B. N. and Stroud, R. M.
	  and Bussmann, K. M. and Claassen, J. H. and Harris, V. G.},
	title	    = "{Presence of antisite disorder and its characterization
	  in the predicted half-metal Co$_2$MnSi}",
	journal     = {Physical Review B},
	year	    = {2002},
	volume	    = {66},
	pages	    = {}
}

@ARTICLE{RavelCRHRS02,
	author	    = {Ravel, B. and Cross, J. O. and Raphael, M. P. and
	  Harris, V. G. and Ramesh, R. and Saraf, V.},
	title	    = "{Atomic disorder in Heusler Co$_2$MnGe measured by
	  anomalous x-ray diffraction}",
	journal     = {Applied Physics Letters},
	year	    = {2002},
	volume	    = {81},
	pages	    = {2812-2814}
}

@ARTICLE{RavelRHH02,
	author	    = {Ravel, B. and Raphael, M. P. and Harris, V. G. and
	  Huang, Q.},
	title	    = "{EXAFS and neutron diffraction study of the Heusler
	  alloy Co$_2$MnSi}",
	journal     = {Physical Review B},
	year	    = {2002},
	volume	    = {65},
        number      = {18},
	pages	    = {}
}

@ARTICLE{RavelCH02,
	author	    = {Ravel, B. and Carpenter, E. E. and Harris, V. G.},
	title	    = {Oxidation of iron in iron/gold core/shell
	  nanoparticles},
	journal     = {Journal Of Applied Physics},
	year	    = {2002},
	volume	    = {91},
	pages	    = {8195-8197}
}

@ARTICLE{RaphaelRWCDSBCH01,
	author	    = {Raphael, M. P. and Ravel, B. and Willard, M. A. and
	  Cheng, S. F. and Das, B. N. and Stroud, R. M. and Bussmann, K. M.
	  and Claassen, J. H. and Harris, V. G.},
	title	    = "{Magnetic, structural, and transport properties of thin
	  film and single crystal Co$_2$MnSi}",
	journal     = {Applied Physics Letters},
	year	    = {2001},
	volume	    = {79},
	pages	    = {4396-4398}
}

@ARTICLE{Ravel01,
	author	    = {Ravel, B.},
	title	    = {ATOMS: crystallography for the X-ray absorption
	  spectroscopist},
	journal     = {Journal Of Synchrotron Radiation},
	year	    = {2001},
	volume	    = {8},
	pages	    = {314-316}
}

@ARTICLE{RavelGRE01,
	author	    = {Ravel, B. and Grenier, S. and Renevier, H. and Eom, C.
	  B.},
	title	    = "{Valence selective DAFS measurements of Mn in
	  La$_{1/3}$Ca$_{2/3}$MnO$_3$}",
	journal     = {Journal Of Synchrotron Radiation},
	year	    = {2001},
	volume	    = {8},
	pages	    = {384-386}
}

@ARTICLE{JaouenHRAR00,
	author	    = {Jaouen, M. and Hug, G. and Ravel, B. and Ankudinov, A.
	  L. and Rehr, J. J.},
	title	    = {Polarisation effects in hexagonal boron nitride
	  near-edge structure: A real-space multiple scattering approach},
	journal     = {Europhysics Letters},
	year	    = {2000},
	volume	    = {49},
	pages	    = {343-349}
}

@ARTICLE{LevineKKFMRWALRT00,
	author	    = {Levine, Z. H. and Kalukin, A. R. and Kuhn, M. and
	  Frigo, S. P. and McNulty, I. and Retsch, C. C. and Wang, Y. X. and
	  Arp, U. and Lucatorto, T. B. and Ravel, B. D. and Tarrio, C.},
	title	    = {Tomography of integrated circuit interconnect with an
	  electromigration void},
	journal     = {Journal Of Applied Physics},
	year	    = {2000},
	volume	    = {87},
	pages	    = {4483-4488}
}

@ARTICLE{LevineR99,
	author	    = {Levine, Z. H. and Ravel, B.},
	title	    = {Identification of materials in integrated circuit
	  interconnects using x-ray absorption near-edge spectroscopy},
	journal     = {Journal Of Applied Physics},
	year	    = {1999},
	volume	    = {85},
	pages	    = {558-564}
}

@ARTICLE{RavelBRHB99,
	author	    = {Ravel, B. and Bouldin, C. E. and Renevler, H. and
	  Hodeau, J. L. and Berar, J. F.},
	title	    = {Edge separation using diffraction anomalous fine
	  structure},
	journal     = {Journal Of Synchrotron Radiation},
	year	    = {1999},
	volume	    = {6},
	pages	    = {338-340}
}

@ARTICLE{RavelCR99,
	author	    = {Ravel, B. and Cockayne, E. and Rabe, K. M.},
	title	    = {The local structure of ferroelectric Pb$_{1-x}$Ge$_x$Te},
	journal     = {Journal Of Synchrotron Radiation},
	year	    = {1999},
	volume	    = {6},
	pages	    = {567-569}
}

@ARTICLE{RavelBRHB99-2,
	author	    = {Ravel, B. and Bouldin, C. E. and Renevier, H. and
	  Hodeau, J. L. and Berar, J. F.},
	title	    = {X-ray-absorption edge separation using diffraction
	  anomalous fine structure},
	journal     = {Physical Review B},
	year	    = {1999},
	volume	    = {60},
	pages	    = {778-785}
}

@ARTICLE{RavelCNR99,
	author	    = {Ravel, B. and Cockayne, E. and Newville, M. and Rabe,
	  K. M.},
	title	    = "{Combined EXAFS and first-principles theory study of
	  Pb$_{1-x}$Ge$_x$Te}",
	journal     = {Physical Review B},
	year	    = {1999},
	volume	    = {60},
	pages	    = {14632-14642}
}

@ARTICLE{KellyIWRH98,
	author	    = {Kelly, S. and Ingalls, R. and Wang, F. and Ravel, B.
	  and Haskel, D.},
	title	    = "{X-ray-absorption fine-structure study of the B1-to-B2
	  phase transition in RbCl}",
	journal     = {Physical Review B},
	year	    = {1998},
	volume	    = {57},
	pages	    = {7543-7550}
}

@ARTICLE{RavelBRHB98,
	author	    = {Ravel, B. and Bouldin, C. E. and Rebevier, H.
	  and Hodeau, J. L. and Berar, J. F.},
	title	    = {Edge separation using DAFS},
	journal     = {ESRF Newsletter},
	year	    = {1998},
	volume	    = {31},
	pages	    = {20-1}
}

@ARTICLE{RavelSVK98,
	author	    = {Ravel, B. and Stern, E. A. and Vedrinskii, R. I. and
	  Kraizman, V.},
	title	    = {Local structure and the phase transitions of BaTiO/sub 3/},
	journal     = {Ferroelectrics},
	year	    = {1998},
	volume	    = {206},
	pages	    = {407-430}
}

@ARTICLE{WoicikCBRPSBSMK98,
	author	    = {Woicik, J. C. and Cross, J. O. and Bouldin, C. E. and
	  Ravel, B. and Pellegrino, J. G. and Steiner, B. and Bompadre, S. G.
	  and Sorensen, L. B. and Miyano, K. E. and Kirkland, J. P.},
	title	    = {Diffraction anomalous fine-structure study of strained
	  Ga1-xInxAs on GaAs(001)},
	journal     = {Physical Review B},
	year	    = {1998},
	volume	    = {58},
	pages	    = {R4215-R4218}
}


@ARTICLE{JaouenRR97,
	author	    = {Jaouen, M. and Rehr, J. J. and Ravel, B.},
	title	    = {Extended fine structures in diamond and related
	  materials},
	journal     = {Journal De Physique Iv},
	year	    = {1997},
	volume	    = {7},
	pages	    = {265-266}
}

@ARTICLE{NewvilleCRRA97,
	author	    = {Newville, M. G. and Carroll, S. A. and Rehr, J. J. and
	  Ravel, B. and Ankudinov, A. L.},
	title	    = "{Calculations of XANES spectra for transition metal
	  oxides and sulfides}",
	journal     = {Abstracts Of Papers Of The American Chemical Society},
	year	    = {1997},
	volume	    = {214},
	pages	    = {63-GEOC}
}

@ARTICLE{NewvilleCRSBY97,
	author	    = {Newville, M. and Cross, J. O. and Ravel, B. and
	  Sorensen, L. B. and Bouldin, C. E. and Yacoby, Y.},
	title	    = {Co-refinement of diffraction anomalous fine-structure
	  data},
	journal     = {Journal De Physique Iv},
	year	    = {1997},
	volume	    = {7},
	pages	    = {759-760}
}

@ARTICLE{RavelAR97,
	author	    = {Ravel, B. and Ankudinov, A. and Rehr, J. J.},
	title	    = {Calculation and interpretation of XANES in complex
	  materials.},
	journal     = {Abstracts Of Papers Of The American Chemical Society},
	year	    = {1997},
	volume	    = {214},
	pages	    = {14-GEOC}
}

@ARTICLE{RavelR97,
	author	    = {Ravel, B. and Rehr, J. J.},
	title	    = "{Full multiple scattering XANES calculations}",
	journal     = {Journal De Physique Iv},
	year	    = {1997},
	volume	    = {7},
	pages	    = {229-230}
}

@ARTICLE{RavelS97,
	author	    = {Ravel, B. and Stern, E. A.},
	title	    = "{Temperature and polarization dependent XANES
	  measurements on single crystal PbTiO$_3$}",
	journal     = {Journal De Physique Iv},
	year	    = {1997},
	volume	    = {7},
	pages	    = {1223-1224}
}

@ARTICLE{VedrinskiiKNDURS97,
	author	    = {Vedrinskii, R. V. and Kraizman, V. L. and Novakovich,
	  A. A. and Demekhin, P. V. and Urazhdin, S. V. and Ravel, B. and
	  Stern, E. A.},
	title	    = "{Pre-edge fine structure (PEFS) of the K-XAS for the 3d
	  atoms in compounds: A new tool for quantitative atomic structure
	  determination}",
	journal     = {Journal De Physique Iv},
	year	    = {1997},
	volume	    = {7},
	pages	    = {107-110}
}

@ARTICLE{WangRYSI97,
	author	    = {Wang, F. and Ravel, B. and Yacoby, Y. and Stern, E. A.
	  and Ingalls, R.},
	title	    = "{The effect of hydrostatic pressure on the local
	  structure of K$_{1-x}$Na$_x$TaO$_3$ and KTa$_{1-x}$Nb$_x$O$_3$}",
	journal     = {Journal De Physique Iv},
	year	    = {1997},
	volume	    = {7},
	pages	    = {1225-1226}
}

@ARTICLE{HaskelRNS95,
	author	    = {Haskel, D. and Ravel, B. and Newville, M. and Stern,
	  E. A.},
	title	    = "{Single and multiple-scattering xafs in BaZrO$_3$ - a
	  comparison between theory and experiment}",
	journal     = {Physica B-Condensed Matter},
	year	    = {1995},
	volume	    = {208},
	pages	    = {151-153}
}

@ARTICLE{NewvilleRHRSY95,
	author	    = {Newville, M. and Ravel, B. and Haskel, D. and Rehr, J.
	  J. and Stern, E. A. and Yacoby, Y.},
	title	    = {Analysis of multiple-scattering xafs data using
	  theoretical standards},
	journal     = {Physica B-Condensed Matter},
	year	    = {1995},
	volume	    = {208},
	pages	    = {154-156}
}

@ARTICLE{RavelNCB95,
	author	    = {Ravel, B. and Newville, M. and Cross, J. O. and
	  Bouldin, C. E.},
	title	    = {Analysis of dafs fine-structure and background},
	journal     = {Physica B-Condensed Matter},
	year	    = {1995},
	volume	    = {208},
	pages	    = {145-147}
}

@ARTICLE{RavelSYSDR95,
	author	    = {Ravel, B. and Sicron, N. and Yacoby, Y. and
	  Stern, E. .A. and Dogan, F. and Rehr, J. .J.},
	title	    = "{Order-disorder behavior in the phase transition of 
	  PbTiO$_3$}",
	journal     = {Ferroelectrics|Ferroelectrics},
	year	    = {1995},
	volume	    = {164, no.1-3},
	pages	    = {265-77}
}

@ARTICLE{RavelS95,
	author	    = {Ravel, B. and Stern, E. A.},
	title	    = {Local disorder and near-edge structure in titanate
	  perovskites},
	journal     = {Physica B-Condensed Matter},
	year	    = {1995},
	volume	    = {208},
	pages	    = {316-318}
}

@ARTICLE{SicronRYSDR95,
	author	    = {Sicron, N. and Ravel, B. and Yacoby, Y. and Stern, E.
	  A. and Dogan, F. and Rehr, J. J.},
	title	    = "{The ferroelectric phase-transition in PbTiO$_3$ from a
	  local perspective}",
	journal     = {Physica B-Condensed Matter},
	year	    = {1995},
	volume	    = {208},
	pages	    = {319-320}
}

@ARTICLE{SternNRYH95,
	author	    = {Stern, E. A. and Newville, M. and Ravel, B. and
	  Yacoby, Y. and Haskel, D.},
	title	    = "{The UWXAFS analysis package - philosophy and details}",
	journal     = {Physica B-Condensed Matter},
	year	    = {1995},
	volume	    = {208},
	pages	    = {117-120}
}

@ARTICLE{YacobyRSSRR95,
	author	    = {Yacoby, Y. and Rechav, B. and Sicron, N. and Stern, E.
	  A. and Rehr, J. J. and Ravel, B.},
	title	    = {Order and disorder in structural phase-transitions},
	journal     = {Physica B-Condensed Matter},
	year	    = {1995},
	volume	    = {208},
	pages	    = {259-262}
}

@InCollection{sorenson94:_diffr_anomal_fine_struc,
  author = 	 {L.B. Sorenson and J.O. Cross and M. Newville and B. Ravel and J.J. Rehr and H. Stragier and C.E. Bouldin and J.C. Woicik},
  title = 	 {Diffraction Anomalous Fine Structure: Unifying X-ray Diffraction and X-ray Absorption with DAFS},
  booktitle = 	 {Resonant Anomalous X-ray Scattering: Theory and Applications},
  publisher = {North Holland},
  year = 	 1994,
  editor = 	 {G. Materlik and C.J. Sparks and K. Fischer},
  address = 	 {Amsterdam}}


@ARTICLE{SicronRYSDR94,
	author	    = {Sicron, N. and Ravel, B. and Yacoby, Y. and Stern, E.
	  A. and Dogan, F. and Rehr, J. J.},
	title	    = {Nature of the ferroelectric phase-transition in
	  pbtio3},
	journal     = {Physical Review B},
	year	    = {1994},
	volume	    = {50},
	pages	    = {13168-13180}
}

@ARTICLE{BechavSYRNS93,
	author	    = {Bechav, B. and Sicron, N. and Yacoby, Y. and
	  Ravel, B. and Newville, M. and Stern, E. .A.},
	title	    = {Structural disorder in oxygen perovskite crystals},
	journal     = {Physica C},
	year	    = {1993},
	volume	    = {209, no.1-3},
	pages	    = {55-8}
}

@ARTICLE{RavelSYD93,
	author	    = {Ravel, B. and Stern, E. A. and Yacobi, Y. and Dogan,
	  F.},
	title	    = {Lead titanate is not a classic case of a displacive
	  ferroelectric phase-transition},
	journal     = {Japanese Journal Of Applied Physics Part 1-Regular
	  Papers Short Notes \& Review Papers},
	year	    = {1993},
	volume	    = {32},
	pages	    = {782-784}
}

@ARTICLE{RechavSYRNS93,
	author	    = {Rechav, B. and Sicron, N. and Yacoby, Y. and Ravel, B.
	  and Newville, M. and Stern, E. A.},
	title	    = {Structural disorder in oxygen perovskite crystals},
	journal     = {Physica C},
	year	    = {1993},
	volume	    = {209},
	pages	    = {55-58}
}

@ARTICLE{LaresePR88,
	author	    = {Larese, J. Z. and Passell, L. and Ravel, B.},
	title	    = {Orientational ordering of ethylene on graphite},
	journal     = {Canadian Journal Of Chemistry-Revue Canadienne De
	  Chimie},
	year	    = {1988},
	volume	    = {66},
	pages	    = {633-636}
}

