
@ARTICLE{RavelN05,
	author	    = {Ravel, B. and Newville, M.},
	title	    = "{\textsc{athena} and \textsc{artemis}: data analysis
	  for X-ray absorption spectroscopy using \textsc{ifeffit}}",
	journal     = {Journal of Synchrotron Radiation},
	year	    = 2005,
	volume	    = {12},
	pages	    = {537-541},
        note        = "{\textsl{\footnotesize This is the main reference for my data analysis software.}}"
}
@ARTICLE{AnkudinovRRC98,
	author	    = {Ankudinov, A. L. and Ravel, B. and Rehr, J. J. and
	  Conradson, S. D.},
	title	    = {Real-space multiple-scattering calculation and
	  interpretation of x-ray-absorption near-edge structure},
	journal     = {Physical Review B},
	year	    = {1998},
	volume	    = {58},
	pages	    = {7565-7576},
        note        = "{\textsl{\footnotesize This is the reference for \textsc{feff8}.}}"
}

@InCollection{kelly08:_method_soil_analy_part,
  author = 	 {S.D. Kelly and D. Hesterberg and B. Ravel},
  title =        {Analysis of Soils and Minerals using X-ray Absorption Spectroscopy},
  booktitle = 	 {Methods of Soil Analysis - Part 5: Mineralogical Methods},
  chapter = 	 14,
  editor =       {L.R. Drees and A.L. Ulery},
  publisher = 	 {American Society of Agronomy},
  year = 	 2008,
  note =         "{\textsl{\footnotesize This is a recent review of the XAS technique.}}"}
